%% This BibTeX bibliography file was created using BibDesk.
%% http://bibdesk.sourceforge.net/


%% Created for Alexandre Barbosa at 2015-04-20 00:44:24 -0300 


%% Saved with string encoding Unicode (UTF-8) 



@misc{latex:2015,
	author = {{\LaTeX\ Project}},
	url = {http://www.latex-project.org},
	urlaccessdate = {19 abr. 2015},	
	year = {2015}
}

@misc{latex_intro:2015,
	author = {{\relax Introdu\c{c}\~ao ao \LaTeXe}},
	url = {http://www.ctan.org/tex-archive/info/lshort/portuguese-BR/lshortBR.pdf},
	urlaccessdate = {19 abr. 2015},	
	year = {2015}
}

@misc{abntex2:2015,
	author = {{ABN\TeX 2}},
	url = {http://www.abntex.net.br},
	urlaccessdate = {19 abr. 2015},	
	year = {2015}
}

@misc{texlive:2015,
	author = {{\TeX\ Live}},
	url = {https://www.tug.org/texlive},
	urlaccessdate = {19 abr. 2015},	
	year = {2015}
}

@misc{compiladores:2015,
	author = {{\relax ShareLaTeX Blog}},
	url = {https://www.sharelatex.com/blog/2012/12/01/the-tex-family-tree-latex-pdftex-xelatex-luatex-context.html},
	urlaccessdate = {21 abr. 2015},	
	year = {2015}
}

@misc{mactex:2015,
	author = {{\relax Mac\TeX}},
	url = {https://tug.org/mactex},
	urlaccessdate = {25 abr. 2015},	
	year = {2015}
}

@misc{listings:2015,
	author = {listings},
	url = {http://www.ctan.org/tex-archive/macros/latex/contrib/listings},
	urlaccessdate = {25 abr. 2015},	
	year = {2015}
}

@misc{algorithm2e:2015,
	author = {algorithm2e},
	url = {http://www.ctan.org/tex-archive/macros/latex/contrib/algorithm2e},
	urlaccessdate = {25 abr. 2015},	
	year = {2015}
}

@misc{gnulicense:2015,
	author = {{\relax GNU General Public License}},
	url = {https://www.gnu.org/licenses/gpl-2.0.html},
	urlaccessdate = {25 abr. 2015},	
	year = {2015}
}

@misc{abntex2cite:2015,
	author = {abntex2cite},
	url = {http://linorg.usp.br/CTAN/macros/latex/contrib/abntex2/doc/abntex2cite.pdf},
	urlaccessdate = {29 abr. 2015},	
	year = {2015}
}

@manual{NBR14724:2011,
	Address = {Rio de Janeiro},
	Month = {mar.},
	Org-Short = {ABNT},
	Organization = {Associa{\c c}\~ao Brasileira de Normas T\'ecnicas},
	Subtitle = {Informa{\c c}\~ao e documenta{\c c}\~ao --- Trabalhos acad\^emicos --- Apresenta{\c c}\~ao},
	Title = {{NBR} 14724},
	Year = {2011}
}
@manual{NBR10520:2002,
	Address = {Rio de Janeiro},
	Org-Short = {ABNT},
	Organization = {Associa{\c c}\~ao Brasileira de Normas T\'ecnicas},
	Subtitle = {Informa{\c c}\~ao e documenta{\c c}\~ao --- Cita\c{c}\~oes em documentos --- Apresenta{\c c}\~ao},
	Title = {{NBR} 10520},
	Year = {2002}
}
@manual{NBR6023:2000,
	Address = {Rio de Janeiro},
	Org-Short = {ABNT},
	Organization = {Associa{\c c}\~ao Brasileira de Normas T\'ecnicas},
	Subtitle = {Informa{\c c}\~ao e documenta{\c c}\~ao --- Refer\^encias --- Elabora{\c c}\~ao},
	Title = {{NBR} 6023},
	Year = {2000}
}

@misc{tikz:2015,
	author = {{\TeX ample.net}},
	url = {http://www.texample.net/tikz},
	urlaccessdate = {25 abr. 2015},	
	year = {2015}
}

@misc{graphics:2015,
	author = {graphics},
	url = {http://www.ctan.org/tex-archive/macros/latex/required/graphics},
	urlaccessdate = {25 abr. 2015},	
	year = {2015}
}

@misc{jabref:2015,
	author = {JabRef},
	url = {http://jabref.sourceforge.net},
	urlaccessdate = {30 abr. 2015},	
	year = {2015}
}

@misc{bibdesk:2015,
	author = {BibDesk},
	url = {http://bibdesk.sourceforge.net},
	urlaccessdate = {30 abr. 2015},	
	year = {2015}
}

@book{ibge:1993,
	Address = {Rio de Janeiro},
	Author = {IBGE},
	Edition = {3},
	Organization = {http://biblioteca.ibge.gov.br/visualizacao/livros/liv23907.pdf},
	Publisher = {Centro de Documenta{\c c}{\~a}o e Dissemina{\c c}{\~a}o de Informa{\c c}{\~o}es. Funda{\c c}{\~a}o Intituto Brasileiro de Geografia e Estat{\'\i}stica},
	Title = {Normas de apresenta{\c c}{\~a}o tabular},
	Urlaccessdate = {21 ago 2013},
	Year = {1993}
}
